
@misc{noauthor_google_nodate,
	title = {Google {Maps} {Platform}},
	url = {https://developers.google.com/maps/documentation/},
	language = {en},
	urldate = {2018-09-15},
	journal = {Google Developers},
	file = {Snapshot:/home/smuggler/Zotero/storage/AHPRQG5D/documentation.html:text/html},
	year = {2018}
}

@misc{noauthor_expedia_nodate,
	title = {Expedia {API} {Documentation}},
	url = {https://hackathon.expedia.com/docs/public/api/Flights%20Overview/},
	urldate = {2018-09-15},
	file = {Expedia API Documentation:/home/smuggler/Zotero/storage/ME9LXKFT/Flights Overview.html:text/html},
	year = {2018}
}


@misc{noauthor_flightstats_nodate,
	title = {{FlightStats} {Developer} {Center} {Home}},
	url = {https://developer.flightstats.com/},
	urldate = {2018-09-15},
	file = {FlightStats Developer Center Home:/home/smuggler/Zotero/storage/9FXT95Z6/developer.flightstats.com.html:text/html},
	year = {2018}
}
@misc{noauthor_webcams.travel_nodate,
	title = {webcams.travel {API}},
	url = {https://developers.webcams.travel/#webcams/list},
	urldate = {2018-09-15},
	file = {webcams.travel API:/home/smuggler/Zotero/storage/6DAKSWYC/developers.webcams.travel.html:text/html},
	year = {2018}
}

@misc{mcmahon_async_2018,
	title = {Async utilities for node and the browser. {Contribute} to caolan/async development by creating an account on {GitHub}},
	copyright = {MIT},
	url = {https://github.com/caolan/async},
	urldate = {2018-09-15},
	author = {McMahon, Caolan},
	month = sep,
	year = {2018},
	note = {original-date: 2010-06-01T21:01:30Z}
}